@Book{JeshuaRG2021,
  title = {Filosofía económica: Entendiendo la complejidad},
  author = {Jeshua Romero Guadarrama},
  publisher = {JeshuaNomics},
  address = {Ciudad de México, México},
  year = {2021},
  edition = {1st},
  note = {ISBN },
  url = {https://www.jeshuanomics.com/},
}
